<?xml version="1.0" encoding="UTF-8"?><collection xmlns="http://www.loc.gov/MARC21/slim"><record><leader>00441nam--2200181-u-4500</leader><controlfield tag="001">000052468</controlfield><controlfield tag="002">20161230</controlfield><controlfield tag="005">20161230201050</controlfield><controlfield tag="008">100716s1000------------r-----000-0-rus-d</controlfield><datafield ind1=" " ind2=" " tag="040"><subfield code="a">IFIN-HH</subfield></datafield><datafield ind1=" " ind2=" " tag="041"><subfield code="a">rus</subfield></datafield><datafield ind1=" " ind2=" " tag="080"><subfield code="a">532.517.2</subfield></datafield><datafield ind1="1" ind2=" " tag="100"><subfield code="a">Kutateladze, S.S</subfield></datafield><datafield ind1="1" ind2="0" tag="245"><subfield code="a">Pristennaia turbulentnosti</subfield><subfield code="c">S.S. Katateladze</subfield></datafield><datafield ind1=" " ind2=" " tag="260"><subfield code="a">Novosibirsk</subfield><subfield code="b">Nauka</subfield><subfield code="c">1973</subfield></datafield><datafield ind1=" " ind2=" " tag="300"><subfield code="a">227 p</subfield></datafield><datafield ind1=" " ind2=" " tag="852"><subfield code="a">42082</subfield><subfield code="c">532</subfield></datafield><datafield ind1=" " ind2=" " tag="CAT"><subfield code="a">Sys</subfield><subfield code="c">20100716</subfield><subfield code="h">112737</subfield></datafield></record></collection>